@book{dijkstra1976discipline,
  title={A discipline of programming},
  author={Dijkstra, Edsger Wybe},
  volume={613924118},
  year={1976},
  publisher = {Prentice Hall PTR},
}

@article{hoare1969axiomatic,
  title={An axiomatic basis for computer programming},
  author={Hoare, Charles Antony Richard},
  journal={Communications of the ACM},
  volume={12},
  number={10},
  pages={576--580},
  year={1969},
  publisher={ACM New York, NY, USA}
}

@article{harel2001dynamic,
  title={Dynamic logic},
  author={Harel, David and Kozen, Dexter and Tiuryn, Jerzy},
  journal={ACM SIGACT News},
  volume={32},
  number={1},
  pages={66--69},
  year={2001},
  publisher={ACM New York, NY, USA}
}

@article{le2022finding,
  title={Finding real bugs in big programs with incorrectness logic},
  author={Le, Quang Loc and Raad, Azalea and Villard, Jules and Berdine, Josh and Dreyer, Derek and O'Hearn, Peter W},
  journal={Proceedings of the ACM on Programming Languages},
  volume={6},
  number={OOPSLA1},
  pages={1--27},
  year={2022},
  publisher={ACM New York, NY, USA}
}

@incollection{Ahrendt2025DynamicLogic,
  author    = {Wolfgang Ahrendt and Bernhard Beckert and Richard Bubel and Reiner H{\"a}hnle and Martin Ulbrich},
  title     = {The Many Uses of Dynamic Logic},
  booktitle = {Go Where the Bugs Are},
  editor    = {Gidon Ernst and others},
  series    = {Lecture Notes in Computer Science},
  volume    = {15765},
  pages     = {93--117},
  publisher = {Springer, Cham},
  year      = {2025},
  doi       = {10.1007/978-3-031-92196-4_4},
  url       = {https://doi.org/10.1007/978-3-031-92196-4_4}
}

@article{ohearnincorrectness2020,
  title={Incorrectness logic},
  author={O'Hearn, Peter W},
  journal={Proceedings of the ACM on Programming Languages},
  volume={4},
  number={POPL},
  pages={1--32},
  year={2019},
  publisher={ACM New York, NY, USA}
}
